=LDR  01791nam a22003973  4500
=001  020644187
=003  Uk
=005  20220616130919.0
=008  210121s1852\\\\enk||||\\\\\\\000\0\eng\\
=FMT  \\$a  BK
=040  \\$aUk$beng$cUk
=110  2\$aEgyptian Hall.
=245  10$aElectro-biology, Egyptian Hall, Piccadilly, and Music Hall, Store-Street :$bRev. Theophilus Fiske will continue his lectures and ... experiments upon persons in a ... wakeful state ...
=264  \1$a[London] :$b[publisher not identified],$c[1852]
=300  \\$a1 newspaper cutting ;$c4 x 13 cm
=336  \\$atext$2rdacontent
=337  \\$aunmediated$2rdamedia
=338  \\$asheet$2rdacarrier
=500  \\$aNewspaper cutting relating to a performance by Theophilus Fiske at the Egyptian Hall, 1852.
=500  \\$aTranscription of text: Electro-biology, Egyptian Hall, Piccadilly, and Music Hall, Store-Street. Rev. Theophilus Fiske will continue his lectures and ... experiments upon persons in a ... wakeful state ...
=600  14$aFiske, Theophilus.
=650  \7$aHypnotism.$2fast$0(OCoLC)fst00965930
=650  \7$aLectures and lecturing.$2fast$0(OCoLC)fst00995281
=655  \7$aClippings.$2tgm
=690  7\$aEvanion Collection of Victorian Ephemera$2blcoll
=700  1\$aEvanion, Henry,$d1831?-1905,$eformer owner.$5Uk
=710  2\$aBullock's Museum.
=883  1\$aConverted from Evanion record 024-000003599$d20210320
=852  41$aBritish Library$bHMNTS$jEvan.4510.
=985  \\$a110 Not NACO
=985  \\$a600 'Fiske, Theophilus' Not NACO
=985  \\$aLoaded by Collection Metadata-generated file for WR# 2104-1960
=CAT  \\$aBATCH-SS$b00$c20220616$lBLL01$h1309
=CAT  \\$aBATCH$b00$c20220616$lBLL01$h1318
=STA  \\$aSUPPRESSED$aItem missing
=LAS  \\$aBATCH$b00$c20220616$lBLL01$h1318

