=LDR  01756nam a22004093  4500
=001  020644507
=003  Uk
=005  20220616130945.0
=008  210121q18uu1895xx\||||\\\\\\\000\0\eng\\
=FMT  \\$a  BK
=040  \\$aUk$beng$cUk
=245  00$aBarnum & London. 15 new United shows. Entirely new and better than ever before. Jennie O'Brien. Europe's greatest rider ...
=264  \1$a[Place of publication not identified] :$b[publisher not identified] ;$c[before 1895]
=300  \\$a1 sheet ;$c77 x 103 cm
=336  \\$atext$2rdacontent
=337  \\$aunmediated$2rdamedia
=338  \\$asheet$2rdacarrier
=500  \\$aTranscription of text: Barnum & London. 15 new United shows. Entirely new and better than ever before. Jennie O'Brien. Europe's greatest rider ...
=600  14$aBailey, J. A.
=600  14$aO'Brien, Jennie.
=600  17$aBarnum, P. T.$q(Phineas Taylor),$d1810-1891$2fast$0(OCoLC)fst00051018
=650  \7$aAcrobats.$2fast$0(OCoLC)fst00796063
=650  \7$aCircus.$2fast$0(OCoLC)fst00861646
=650  \7$aHorses.$2fast$0(OCoLC)fst00960603
=655  \7$aPosters.$2fast$0(OCoLC)fst01423847
=690  7\$aEvanion Collection of Victorian Ephemera$2blcoll
=700  1\$aEvanion, Henry,$d1831?-1905,$eformer owner.$5Uk
=883  1\$aConverted from Evanion record 024-000000301$d20210320
=852  41$aBritish Library$bHMNTS$jEvan.375.
=985  \\$a600 'Bailey, J. A' Not NACO
=985  \\$a600 'O'Brien, Jennie' Not NACO
=985  \\$aLoaded by Collection Metadata-generated file for WR# 2104-1960
=CAT  \\$aBATCH-SS$b00$c20220616$lBLL01$h1309
=CAT  \\$aBATCH-UPD$b00$c20220616$lBLL01$h1311
=CAT  \\$aBATCH$b00$c20220616$lBLL01$h1318
=STA  \\$aSUPPRESSED$aItem missing
=LAS  \\$aBATCH$b00$c20220616$lBLL01$h1318

