=LDR  01518nam a22003733  4500
=001  020644553
=003  Uk
=005  20220616130949.0
=008  210121s1881\\\\enk||||\\\\\\\000\0\eng\\
=FMT  \\$a  BK
=040  \\$aUk$beng$cUk
=110  2\$aBennett Bros.
=245  10$aLondon Grand Christmas fair! :$b10,000 novelties for presents. Thousands of christmas tree ornaments ...
=264  \1$a[City of London, London] :$b[publisher not identified],$c[1881]
=300  \\$a1 sheet ;$c22 cm
=336  \\$atext$2rdacontent
=337  \\$aunmediated$2rdamedia
=338  \\$asheet$2rdacarrier
=500  \\$aTranscription of text: 50 Ludgate Hill London Grand Christmas fair! 10,000 novelties for presents. Thousands of christmas tree ornaments ...
=650  \7$aDepartment stores.$2fast$0(OCoLC)fst00890783
=650  \7$aToys.$2fast$0(OCoLC)fst01153487
=651  \7$aChina.$2fast$0(OCoLC)fst01206073
=655  \7$aAdvertisements.$2fast$0(OCoLC)fst01986486
=655  \7$aPrice lists.$2tgm
=690  7\$aEvanion Collection of Victorian Ephemera$2blcoll
=700  1\$aEvanion, Henry,$d1831?-1905,$eformer owner.$5Uk
=883  1\$aConverted from Evanion record 024-000002624$d20210320
=852  41$aBritish Library$bHMNTS$jEvan.7570.
=985  \\$a110 Not NACO
=985  \\$aLoaded by Collection Metadata-generated file for WR# 2104-1960
=CAT  \\$aBATCH-SS$b00$c20220616$lBLL01$h1309
=CAT  \\$aBATCH$b00$c20220616$lBLL01$h1318
=STA  \\$aSUPPRESSED$aItem missing
=LAS  \\$aBATCH$b00$c20220616$lBLL01$h1318

