=LDR  01336nam a22003613  4500
=001  020644752
=003  Uk
=005  20220616131008.0
=008  210121s1886\\\\enk||||\\\\\\\000\0\eng\\
=FMT  \\$a  BK
=040  \\$aUk$beng$cUk
=110  2\$aCanterbury Theatre of Varieties (London, England)
=245  10$aTroupe japonaise. Tori Kata.
=264  \1$a[Lambeth, London] :$b[publisher not identified],$c[1886]
=300  \\$a1 sheet ;$c59 cm
=336  \\$atext$2rdacontent
=337  \\$aunmediated$2rdamedia
=338  \\$asheet$2rdacarrier
=500  \\$aTranscription of text: Troupe japonaise. Tori Kata.
=610  24$aTroupe Japonaise.
=650  \7$aAcrobats.$2fast$0(OCoLC)fst00796063
=651  \7$aJapan.$2fast$0(OCoLC)fst01204082
=655  \7$aPosters.$2fast$0(OCoLC)fst01423847
=690  7\$aEvanion Collection of Victorian Ephemera$2blcoll
=700  1\$aEvanion, Henry,$d1831?-1905,$eformer owner.$5Uk
=883  1\$aConverted from Evanion record 024-000002218$d20210320
=852  41$aBritish Library$bHMNTS$jEvan.385.
=985  \\$a610 'Troupe Japonaise' Not NACO
=985  \\$aLoaded by Collection Metadata-generated file for WR# 2104-1960
=CAT  \\$aBATCH-SS$b00$c20220616$lBLL01$h1310
=CAT  \\$aBATCH$b00$c20220616$lBLL01$h1319
=STA  \\$aSUPPRESSED$aItem missing
=LAS  \\$aBATCH$b00$c20220616$lBLL01$h1319

