=LDR  01646nam a22003733  4500
=001  020644909
=003  Uk
=005  20220616131022.0
=008  210121s1885\\\\enka\\\\\\\\\\000\0\eng\\
=FMT  \\$a  BK
=040  \\$aUk$beng$cUk
=110  2\$aCharles Baker & Co.
=245  10$aCharles Baker & Co. Stores Head depot 271 & 272 High Holborn Notice New departments are now open for ... hosiery shirts ties hats and caps.
=264  \1$a[Holborn, London] :$b[publisher not identified],$c[1885]
=300  \\$a1 sheet, folded :$bengraved illustrations ;$c29 cm
=336  \\$atext$2rdacontent
=337  \\$aunmediated$2rdamedia
=338  \\$asheet$2rdacarrier
=500  \\$aTranscription of text: Charles Baker & Co. Stores Head depot 271 & 272 High Holborn Notice New departments are now open for ... hosiery shirts ties hats and caps.
=650  \7$aBoys' clothing.$2fast$0(OCoLC)fst00837398
=650  \7$aClothing and dress.$2fast$0(OCoLC)fst00864680
=650  \7$aMen's clothing.$2fast$0(OCoLC)fst01016068
=655  \7$aAdvertisements.$2fast$0(OCoLC)fst01986486
=655  \7$aCatalogs.$2fast$0(OCoLC)fst01423692
=690  7\$aEvanion Collection of Victorian Ephemera$2blcoll
=700  1\$aEvanion, Henry,$d1831?-1905,$eformer owner.$5Uk
=883  1\$aConverted from Evanion record 024-000002502$d20210320
=852  41$aBritish Library$bHMNTS$jEvan.7573.
=985  \\$a110 Not NACO
=985  \\$aLoaded by Collection Metadata-generated file for WR# 2104-1960
=CAT  \\$aBATCH-SS$b00$c20220616$lBLL01$h1310
=CAT  \\$aBATCH$b00$c20220616$lBLL01$h1319
=STA  \\$aSUPPRESSED$aItem missing
=LAS  \\$aBATCH$b00$c20220616$lBLL01$h1319

