=LDR  01308nam a22003373  4500
=001  020644962
=003  Uk
=005  20220616131026.0
=008  210121s1884\\\\enk||||\\\\\\\000\0\eng\\
=FMT  \\$a  BK
=040  \\$aUk$beng$cUk
=110  2\$aClarendon House High School for Boys.
=245  10$aClarendon House High School for Boys 164 & 166 Kennington Road.
=264  \1$a[Kennington, London] :$b[publisher not identified],$c[1884]
=300  \\$a1 sheet, folded ;$c28 cm
=336  \\$atext$2rdacontent
=337  \\$aunmediated$2rdamedia
=338  \\$asheet$2rdacarrier
=500  \\$aTranscription of text: Clarendon House High School for Boys 164 & 166 Kennington Road.
=650  \7$aSchools.$2fast$0(OCoLC)fst01107958
=655  \7$aProspectuses.$2fast$0(OCoLC)fst01941033
=690  7\$aEvanion Collection of Victorian Ephemera$2blcoll
=700  1\$aEvanion, Henry,$d1831?-1905,$eformer owner.$5Uk
=883  1\$aConverted from Evanion record 024-000002783$d20210320
=852  41$aBritish Library$bHMNTS$jEvan.7563.
=985  \\$a110 Not NACO
=985  \\$aLoaded by Collection Metadata-generated file for WR# 2104-1960
=CAT  \\$aBATCH-SS$b00$c20220616$lBLL01$h1310
=CAT  \\$aBATCH$b00$c20220616$lBLL01$h1319
=STA  \\$aSUPPRESSED$aItem missing
=LAS  \\$aBATCH$b00$c20220616$lBLL01$h1319

