=LDR  01681nam a22003733  4500
=001  020645035
=003  Uk
=005  20220616131031.0
=008  210121s1883\\\\enka\\\\\\\\\\000\0\eng\\
=FMT  \\$a  BK
=040  \\$aUk$beng$cUk
=100  1\$aCopeman, E. S.
=245  10$aCopeman's patent seat raft. This raft consists of two or more deck benches, convertible ... into a raft ... capable of carrying upwards of a ton weight.
=264  \1$a[London] :$b[publisher not identified],$c[1883]
=300  \\$a1 sheet, folded :$bengraved illustrations ;$c28 cm
=336  \\$atext$2rdacontent
=337  \\$aunmediated$2rdamedia
=338  \\$asheet$2rdacarrier
=500  \\$aTranscription of text: International Fisheries Exhibition ... Copeman's patent seat raft. This raft consists of two or more deck benches, convertible ... into a raft ... capable of carrying upwards of a ton weight.
=650  \7$aBenches.$2fast$0(OCoLC)fst00830288
=650  \7$aRafts.$2fast$0(OCoLC)fst01088496
=650  \7$aRiver steamers.$2fast$0(OCoLC)fst01098304
=655  \7$aAdvertisements.$2fast$0(OCoLC)fst01986486
=655  \7$aProspectuses.$2fast$0(OCoLC)fst01941033
=690  7\$aEvanion Collection of Victorian Ephemera$2blcoll
=700  1\$aEvanion, Henry,$d1831?-1905,$eformer owner.$5Uk
=883  1\$aConverted from Evanion record 024-000002835$d20210320
=852  41$aBritish Library$bHMNTS$jEvan.7571.
=985  \\$a100 Not NACO
=985  \\$aLoaded by Collection Metadata-generated file for WR# 2104-1960
=CAT  \\$aBATCH-SS$b00$c20220616$lBLL01$h1310
=CAT  \\$aBATCH$b00$c20220616$lBLL01$h1319
=STA  \\$aSUPPRESSED$aItem missing
=LAS  \\$aBATCH$b00$c20220616$lBLL01$h1319

