=LDR  01751nam a22003733  4500
=001  020645191
=003  Uk
=005  20220616131044.0
=008  210121q18uu1895enk||||\\\\\\\000\0\eng\\
=FMT  \\$a  BK
=040  \\$aUk$beng$cUk
=110  2\$aD. Nicholson & Co.
=245  10$aSalvage Sale, from the great fire in Wood Street ... the remaining portion of the salvage stocks of Messrs. Rylands & Sons, and Foster, Porter & Co ... D. Nicholson & Co., 50 to 53, St. Paul's Churchyard ...
=264  \1$a[City of London, London] :$b[publisher not identified] ;$c[before 1895]
=300  \\$a1 sheet ;$c39 cm
=336  \\$atext$2rdacontent
=337  \\$aunmediated$2rdamedia
=338  \\$asheet$2rdacarrier
=500  \\$aTranscription of text: Salvage Sale, from the great fire in Wood Street ... the remaining portion of the salvage stocks of Messrs. Rylands & Sons, and Foster, Porter & Co ... D. Nicholson & Co., 50 to 53, St. Paul's Churchyard ...
=650  \7$aClothing and dress.$2fast$0(OCoLC)fst00864680
=650  \7$aCostume.$2fast$0(OCoLC)fst00880759
=650  \7$aPrices.$2fast$0(OCoLC)fst01076207
=655  \7$aAdvertisements.$2fast$0(OCoLC)fst01986486
=655  \7$aProspectuses.$2fast$0(OCoLC)fst01941033
=690  7\$aEvanion Collection of Victorian Ephemera$2blcoll
=700  1\$aEvanion, Henry,$d1831?-1905,$eformer owner.$5Uk
=883  1\$aConverted from Evanion record 024-000004173$d20210320
=852  41$aBritish Library$bHMNTS$jEvan.7613.
=985  \\$a110 Not NACO
=985  \\$aLoaded by Collection Metadata-generated file for WR# 2104-1960
=CAT  \\$aBATCH-SS$b00$c20220616$lBLL01$h1310
=CAT  \\$aBATCH$b00$c20220616$lBLL01$h1319
=STA  \\$aSUPPRESSED$aItem missing
=LAS  \\$aBATCH$b00$c20220616$lBLL01$h1319

