=LDR  01443nam a22003613  4500
=001  020645319
=003  Uk
=005  20220616131055.0
=008  210121s1883\\\\enk||||\\\\\\\000\0\eng\\
=FMT  \\$a  BK
=040  \\$aUk$beng$cUk
=110  2\$aEast London Aquarium.
=245  10$aEast London Aquarium, Bishopsgate ... Grand exhibition of waxwork figures ... Open from 11 am. till 10 pm.
=264  \1$a[City of London, London] :$b[publisher not identified],$c[1883]
=300  \\$a1 sheet ;$c25 x 31 cm
=336  \\$atext$2rdacontent
=337  \\$aunmediated$2rdamedia
=338  \\$asheet$2rdacarrier
=500  \\$aMutilated.
=500  \\$aTranscription of text: East London Aquarium, Bishopsgate ... Grand exhibition of waxwork figures ... Open from 11 am. till 10 pm.
=650  \7$aExhibitions.$2fast$0(OCoLC)fst00918097
=650  \7$aWaxworks.$2fast$0(OCoLC)fst01172938
=655  \7$aSigns (Notices)$2tgm
=690  7\$aEvanion Collection of Victorian Ephemera$2blcoll
=700  1\$aEvanion, Henry,$d1831?-1905,$eformer owner.$5Uk
=883  1\$aConverted from Evanion record 024-000000348$d20210320
=852  41$aBritish Library$bHMNTS$jEvan.434a.
=985  \\$a110 Not NACO
=985  \\$aLoaded by Collection Metadata-generated file for WR# 2104-1960
=CAT  \\$aBATCH-SS$b00$c20220616$lBLL01$h1310
=CAT  \\$aBATCH$b00$c20220616$lBLL01$h1319
=STA  \\$aSUPPRESSED$aItem missing
=LAS  \\$aBATCH$b00$c20220616$lBLL01$h1319

