=LDR  01650nam a22003493  4500
=001  020645576
=003  Uk
=005  20220616131121.0
=008  210121s1891\\\\xx\||||\\\\\\\000\0\eng\\
=FMT  \\$a  BK
=040  \\$aUk$beng$cUk
=100  1\$aEvanion, Henry,$d1831?-1905.
=245  10$aSecond visit to the training ship "Exmouth", Grays ... Entertainment to be given by M. Evanion on Wednesday, September 23rd, 1891 ... When selections will be given from the following novel programme.
=264  \1$a[Place of publication not identified] :$b[publisher not identified],$c[1891]
=300  \\$a1 sheet ;$c27 cm
=336  \\$atext$2rdacontent
=337  \\$aunmediated$2rdamedia
=338  \\$asheet$2rdacarrier
=500  \\$aTranscription of text: Second visit to the training ship "Exmouth", Grays ... Entertainment to be given by M. Evanion on Wednesday, September 23rd, 1891 ... When selections will be given from the following novel programme.
=610  27$aExmouth (Ship)$2fast$0(OCoLC)fst01678109
=650  \7$aMagic tricks.$2fast$0(OCoLC)fst01005507
=650  \7$aWit and humor.$2fast$0(OCoLC)fst01176279
=655  \7$aSigns (Notices)$2tgm
=690  7\$aEvanion Collection of Victorian Ephemera$2blcoll
=700  1\$aEvanion, Henry,$d1831?-1905,$eformer owner.$5Uk
=883  1\$aConverted from Evanion record 024-000000760$d20210320
=852  41$aBritish Library$bHMNTS$jEvan.829.
=985  \\$aLoaded by Collection Metadata-generated file for WR# 2104-1960
=CAT  \\$aBATCH-SS$b00$c20220616$lBLL01$h1311
=CAT  \\$aBATCH$b00$c20220616$lBLL01$h1319
=STA  \\$aSUPPRESSED$aItem missing
=LAS  \\$aBATCH$b00$c20220616$lBLL01$h1319

