=LDR  01611nam a22003613  4500
=001  020645840
=003  Uk
=005  20220616131145.0
=008  210121s1884\\\\enka\\\\\\\\\\000\0\eng\\
=FMT  \\$a  BK
=040  \\$aUk$beng$cUk
=110  2\$aGeo. Bray & Co.
=245  10$aNew Price list September 1884 Bray's patent flat flame works lanterns from 50 to 80 candle power Geo. Bray & Co. gas lighting engineers Blackman Lane Leeds.
=264  \1$a[Leeds, Yorkshire] :$b[publisher not identified],$c[1884]
=300  \\$a1 sheet, folded :$bengraved illustrations ;$c35 cm
=336  \\$atext$2rdacontent
=337  \\$aunmediated$2rdamedia
=338  \\$asheet$2rdacarrier
=500  \\$aTranscription of text: New Price list September 1884 Bray's patent flat flame works lanterns from 50 to 80 candle power Geo. Bray & Co. gas lighting engineers Blackman Lane Leeds.
=650  \7$aCandles and lights.$2fast$0(OCoLC)fst00845658
=650  \7$aLanterns.$2fast$0(OCoLC)fst00992536
=650  \7$aPrices.$2fast$0(OCoLC)fst01076207
=655  \7$aAdvertisements.$2fast$0(OCoLC)fst01986486
=690  7\$aEvanion Collection of Victorian Ephemera$2blcoll
=700  1\$aEvanion, Henry,$d1831?-1905,$eformer owner.$5Uk
=883  1\$aConverted from Evanion record 024-000002474$d20210320
=852  41$aBritish Library$bHMNTS$jEvan.7599.
=985  \\$a110 Not NACO
=985  \\$aLoaded by Collection Metadata-generated file for WR# 2104-1960
=CAT  \\$aBATCH-SS$b00$c20220616$lBLL01$h1311
=CAT  \\$aBATCH$b00$c20220616$lBLL01$h1319
=STA  \\$aSUPPRESSED$aItem missing
=LAS  \\$aBATCH$b00$c20220616$lBLL01$h1319

