=LDR  01755nam a22003733  4500
=001  020645857
=003  Uk
=005  20220616131146.0
=008  210121s1881\\\\xx\a\\\\\\\\\\000\0\eng\\
=FMT  \\$a  BK
=040  \\$aUk$beng$cUk
=100  1\$aGessner, Ernst.
=245  10$aErnst Gessner Aue, Saxony manufacturer of all kinds of carding, spinning and finishing machinery for woollen and cotton goods ... The improved Gessner patent rotary steam press ...
=264  \1$a[Place of publication not identified] :$b[publisher not identified],$c[1881]
=300  \\$a1 sheet, folded :$bengraved illustrations ;$c36 cm
=336  \\$atext$2rdacontent
=337  \\$aunmediated$2rdamedia
=338  \\$asheet$2rdacarrier
=500  \\$aTranscription of text: Ernst Gessner Aue, Saxony manufacturer of all kinds of carding, spinning and finishing machinery for woollen and cotton goods ... The improved Gessner patent rotary steam press ...
=650  \7$aEndorsements in advertising.$2fast$0(OCoLC)fst00909810
=650  \7$aSteam-engines.$2fast$0(OCoLC)fst01132354
=650  \7$aWool industry.$2fast$0(OCoLC)fst01180027
=655  \7$aAdvertisements.$2fast$0(OCoLC)fst01986486
=655  \7$aProspectuses.$2fast$0(OCoLC)fst01941033
=690  7\$aEvanion Collection of Victorian Ephemera$2blcoll
=700  1\$aEvanion, Henry,$d1831?-1905,$eformer owner.$5Uk
=883  1\$aConverted from Evanion record 024-000002998$d20210320
=852  41$aBritish Library$bHMNTS$jEvan.7605.
=985  \\$a100 Not NACO
=985  \\$aLoaded by Collection Metadata-generated file for WR# 2104-1960
=CAT  \\$aBATCH-SS$b00$c20220616$lBLL01$h1311
=CAT  \\$aBATCH$b00$c20220616$lBLL01$h1319
=STA  \\$aSUPPRESSED$aItem missing
=LAS  \\$aBATCH$b00$c20220616$lBLL01$h1319

