=LDR  01789nam a22003973  4500
=001  020645895
=003  Uk
=005  20220616131150.0
=008  210121s1875\\\\stkac\\\\\\\\\000\0\eng\\
=FMT  \\$a  BK
=040  \\$aUk$beng$cUk
=110  2\$aGood Templar's Hall.
=245  10$aElectro-biology. Good Templar's Hall, Edinburgh ... October 20, 1875 ... visit of the "female magnet". Florence Montague ... will give a series of biologic demonstrations ...
=264  \1$a[Edinburgh] :$b[publisher not identified],$c[1875]
=300  \\$a1 sheet :$billustrations, lithograph portrait ;$c55 cm
=336  \\$atext$2rdacontent
=337  \\$aunmediated$2rdamedia
=338  \\$asheet$2rdacarrier
=500  \\$aTranscription of text: Electro-biology. Good Templar's Hall, Edinburgh ... October 20, 1875 ... visit of the "female magnet". Florence Montague ... will give a series of biologic demonstrations ...
=600  14$aMontague, Florence.
=610  27$aInternational Order of Good Templars$2fast$0(OCoLC)fst00538478
=650  \7$aHypnotism.$2fast$0(OCoLC)fst00965930
=650  \7$aPhrenology.$2fast$0(OCoLC)fst01062209
=655  \7$aSigns (Notices)$2tgm
=690  7\$aEvanion Collection of Victorian Ephemera$2blcoll
=700  1\$aEvanion, Henry,$d1831?-1905,$eformer owner.$5Uk
=883  1\$aConverted from Evanion record 024-000001877$d20210320
=852  41$aBritish Library$bHMNTS$jEvan.2789.
=985  \\$a110 Not NACO
=985  \\$a600 'Montague, Florence' Not NACO
=985  \\$aLoaded by Collection Metadata-generated file for WR# 2104-1960
=CAT  \\$aBATCH-SS$b00$c20220616$lBLL01$h1311
=CAT  \\$aBATCH-UPD$b00$c20220616$lBLL01$h1317
=CAT  \\$aBATCH$b00$c20220616$lBLL01$h1319
=STA  \\$aSUPPRESSED$aItem missing
=LAS  \\$aBATCH$b00$c20220616$lBLL01$h1319

