=LDR  01693nam a22003613  4500
=001  020646398
=003  Uk
=005  20220616131235.0
=008  210121s1884\\\\enka\\\\\\\\\\000\0\eng\\
=FMT  \\$a  BK
=040  \\$aUk$beng$cUk
=110  2\$aJefferies & Co.
=245  10$aCrystal Palace International Exhibition,1884. Jefferies & Co., 1, Lower Wood Street, Woolwich, manufacturers and exporters, beg to draw the attention of the sporting public to the following prices.
=264  \1$a[Woolwich, London] :$b[publisher not identified],$c[1884]
=300  \\$a1 sheet, folded :$bengraved illustrations ;$c28 cm
=336  \\$atext$2rdacontent
=337  \\$aunmediated$2rdamedia
=338  \\$asheet$2rdacarrier
=500  \\$aTranscription of text: Crystal Palace International Exhibition,1884. Jefferies & Co., 1, Lower Wood Street, Woolwich, manufacturers and exporters, beg to draw the attention of the sporting public to the following prices.
=650  \7$aPrices.$2fast$0(OCoLC)fst01076207
=650  \7$aSporting goods.$2fast$0(OCoLC)fst01130408
=655  \7$aAdvertisements.$2fast$0(OCoLC)fst01986486
=655  \7$aProspectuses.$2fast$0(OCoLC)fst01941033
=690  7\$aEvanion Collection of Victorian Ephemera$2blcoll
=700  1\$aEvanion, Henry,$d1831?-1905,$eformer owner.$5Uk
=883  1\$aConverted from Evanion record 024-000003885$d20210320
=852  41$aBritish Library$bHMNTS$jEvan.7566.
=985  \\$a110 Not NACO
=985  \\$aLoaded by Collection Metadata-generated file for WR# 2104-1960
=CAT  \\$aBATCH-SS$b00$c20220616$lBLL01$h1312
=CAT  \\$aBATCH$b00$c20220616$lBLL01$h1319
=STA  \\$aSUPPRESSED$aItem missing
=LAS  \\$aBATCH$b00$c20220616$lBLL01$h1319

