=LDR  01516nam a22003733  4500
=001  020646530
=003  Uk
=005  20220616131250.0
=008  210121q18uu1895enk||||\\\\\\\000\0\eng\\
=FMT  \\$a  BK
=040  \\$aUk$beng$cUk
=110  2\$aL. & E. Lairitz (Firm)
=245  10$aLairitz's pine wool fabrics. Retail agents ... Wholesale of Welch, Margetson & Co., 16 & 17, Cheapside ...
=264  \1$a[City of London, London] :$b[publisher not identified] ;$c[before 1895]
=300  \\$a1 sheet ;$c43 cm
=336  \\$atext$2rdacontent
=337  \\$aunmediated$2rdamedia
=338  \\$asheet$2rdacarrier
=500  \\$aTranscription of text: Lairitz's pine wool fabrics. Retail agents ... Wholesale of Welch, Margetson & Co., 16 & 17, Cheapside ...
=610  24$aWelch, Margetson & Co.
=650  \7$aPine wool.$2fast$0(OCoLC)fst01064262
=655  \7$aAdvertisements.$2fast$0(OCoLC)fst01986486
=655  \7$aSigns (Notices)$2tgm
=690  7\$aEvanion Collection of Victorian Ephemera$2blcoll
=700  1\$aEvanion, Henry,$d1831?-1905,$eformer owner.$5Uk
=883  1\$aConverted from Evanion record 024-000002388$d20210320
=852  41$aBritish Library$bHMNTS$jEvan.7589.
=985  \\$a110 Not NACO
=985  \\$a610 'Welch, Margetson & Co' Not NACO
=985  \\$aLoaded by Collection Metadata-generated file for WR# 2104-1960
=CAT  \\$aBATCH-SS$b00$c20220616$lBLL01$h1312
=CAT  \\$aBATCH$b00$c20220616$lBLL01$h1319
=STA  \\$aSUPPRESSED$aItem missing
=LAS  \\$aBATCH$b00$c20220616$lBLL01$h1319

