=LDR  01600nam a22003733  4500
=001  020646637
=003  Uk
=005  20220616131300.0
=008  210121s1892\\\\enka\\\\\\\\\\000\0\eng\\
=FMT  \\$a  BK
=040  \\$aUk$beng$cUk
=110  2\$aLipton (Firm)
=245  10$aGrand opening! Lipton, the largest tea and coffee dealer in the world will open at 233, Wandsworth Road, on Friday, 8th April ...
=264  \1$a[London] :$b[publisher not identified],$c[1892]
=300  \\$a1 sheet, folded :$bengraved illustrations ;$c39 cm
=336  \\$atext$2rdacontent
=337  \\$aunmediated$2rdamedia
=338  \\$asheet$2rdacarrier
=500  \\$aTranscription of text: Grand opening! Lipton, the largest tea and coffee dealer in the world will open at 233, Wandsworth Road, on Friday, 8th April ...
=650  \7$aCoffee industry.$2fast$0(OCoLC)fst00866361
=650  \7$aGrocers.$2fast$0(OCoLC)fst00948031
=650  \7$aTea trade.$2fast$0(OCoLC)fst01144179
=655  \7$aAdvertisements.$2fast$0(OCoLC)fst01986486
=655  \7$aProspectuses.$2fast$0(OCoLC)fst01941033
=690  7\$aEvanion Collection of Victorian Ephemera$2blcoll
=700  1\$aEvanion, Henry,$d1831?-1905,$eformer owner.$5Uk
=883  1\$aConverted from Evanion record 024-000003991$d20210320
=852  41$aBritish Library$bHMNTS$jEvan.7610.
=985  \\$a110 Not NACO
=985  \\$aLoaded by Collection Metadata-generated file for WR# 2104-1960
=CAT  \\$aBATCH-SS$b00$c20220616$lBLL01$h1313
=CAT  \\$aBATCH$b00$c20220616$lBLL01$h1319
=STA  \\$aSUPPRESSED$aItem missing
=LAS  \\$aBATCH$b00$c20220616$lBLL01$h1319

