=LDR  01651nam a22003733  4500
=001  020646641
=003  Uk
=005  20220616131300.0
=008  210121s1894\\\\enka\\\\\\\\\\000\0\eng\\
=FMT  \\$a  BK
=040  \\$aUk$beng$cUk
=110  2\$aLipton (Firm)
=245  10$aWelcome news for 1894. Lipton, the largest tea, coffee & provision dealer in the world, offers to all unheard of value at his branch, 417, Brixton Road, London ...
=264  \1$a[London] :$b[publisher not identified],$c[1894]
=300  \\$a1 sheet, folded :$bengraved illustrations ;$c39 cm
=336  \\$atext$2rdacontent
=337  \\$aunmediated$2rdamedia
=338  \\$asheet$2rdacarrier
=500  \\$aTranscription of text: Welcome news for 1894. Lipton, the largest tea, coffee & provision dealer in the world, offers to all unheard of value at his branch, 417, Brixton Road, London ...
=650  \7$aEggs.$2fast$0(OCoLC)fst00903849
=650  \7$aGrocers.$2fast$0(OCoLC)fst00948031
=650  \7$aTea.$2fast$0(OCoLC)fst01144120
=655  \7$aAdvertisements.$2fast$0(OCoLC)fst01986486
=655  \7$aProspectuses.$2fast$0(OCoLC)fst01941033
=690  7\$aEvanion Collection of Victorian Ephemera$2blcoll
=700  1\$aEvanion, Henry,$d1831?-1905,$eformer owner.$5Uk
=883  1\$aConverted from Evanion record 024-000003995$d20210320
=852  41$aBritish Library$bHMNTS$jEvan.7611.
=985  \\$a110 Not NACO
=985  \\$aLoaded by Collection Metadata-generated file for WR# 2104-1960
=CAT  \\$aBATCH-SS$b00$c20220616$lBLL01$h1313
=CAT  \\$aBATCH$b00$c20220616$lBLL01$h1319
=STA  \\$aSUPPRESSED$aItem missing
=LAS  \\$aBATCH$b00$c20220616$lBLL01$h1319

