=LDR  01803nam a22003853  4500
=001  020646821
=003  Uk
=005  20220616131318.0
=008  210121s1880\\\\enka\\\\\\\\\\000\0\eng\\
=FMT  \\$a  BK
=040  \\$aUk$beng$cUk
=110  2\$aManor Poultry Yards.
=245  15$aThe 'Acme' egg-tester ... For testing eggs of all kinds of poultry, pigeons and game ... Can be used as a lamp when not testing eggs ... Alfred Perry, the Manor Poultry Yards, Cogenhoe, near Northampton.
=264  \1$a[Cogenhoe, Northamptonshire] :$b[publisher not identified],$c[1880]
=300  \\$a1 sheet, folded :$b1 engraved illustration ;$c21 cm
=336  \\$atext$2rdacontent
=337  \\$aunmediated$2rdamedia
=338  \\$asheet$2rdacarrier
=500  \\$aTranscription of text: The 'Acme' egg-tester ... For testing eggs of all kinds of poultry, pigeons and game ... Can be used as a lamp when not testing eggs ... Alfred Perry, the Manor Poultry Yards, Cogenhoe, near Northampton.
=600  14$aPerry, Alfred.
=650  \7$aEggs.$2fast$0(OCoLC)fst00903849
=650  \7$aEndorsements in advertising.$2fast$0(OCoLC)fst00909810
=650  \7$aFertility.$2fast$0(OCoLC)fst00923145
=655  \7$aProspectuses.$2fast$0(OCoLC)fst01941033
=690  7\$aEvanion Collection of Victorian Ephemera$2blcoll
=700  1\$aEvanion, Henry,$d1831?-1905,$eformer owner.$5Uk
=883  1\$aConverted from Evanion record 024-000004051$d20210320
=852  41$aBritish Library$bHMNTS$jEvan.7567.
=985  \\$a110 Not NACO
=985  \\$a600 'Perry, Alfred' Not NACO
=985  \\$aLoaded by Collection Metadata-generated file for WR# 2104-1960
=CAT  \\$aBATCH-SS$b00$c20220616$lBLL01$h1313
=CAT  \\$aBATCH$b00$c20220616$lBLL01$h1319
=STA  \\$aSUPPRESSED$aItem missing
=LAS  \\$aBATCH$b00$c20220616$lBLL01$h1319

