=LDR  01674nam a22003613  4500
=001  020647532
=003  Uk
=005  20220616131422.0
=008  210121s1880\\\\enka\\\\\\\\\\000\0\eng\\
=FMT  \\$a  BK
=040  \\$aUk$beng$cUk
=110  2\$aRobert Boyle & Son.
=245  10$aBoyle's patent self acting air-pump ventilators ... Robert Boyle & Son ... ventilating sanitary and consulting engineers. Office and show-rooms Queen Anne's Buildings 64 Holborn Viaduct ... and ...
=264  \1$a[Holborn, London] :$b[publisher not identified],$c[1880]
=300  \\$a1 sheet :$bengraved illustrations ;$c27 cm
=336  \\$atext$2rdacontent
=337  \\$aunmediated$2rdamedia
=338  \\$asheet$2rdacarrier
=500  \\$aTranscription of text: Boyle's patent self acting air-pump ventilators ... Robert Boyle & Son ... ventilating sanitary and consulting engineers. Office and show-rooms Queen Anne's Buildings 64 Holborn Viaduct ... and ...
=650  \7$aBreathing apparatus.$2fast$0(OCoLC)fst00838408
=650  \7$aVentilation.$2fast$0(OCoLC)fst01165252
=655  \7$aPrice lists.$2tgm
=655  \7$aProspectuses.$2fast$0(OCoLC)fst01941033
=690  7\$aEvanion Collection of Victorian Ephemera$2blcoll
=700  1\$aEvanion, Henry,$d1831?-1905,$eformer owner.$5Uk
=883  1\$aConverted from Evanion record 024-000002681$d20210320
=852  41$aBritish Library$bHMNTS$jEvan.7601.
=985  \\$a110 Not NACO
=985  \\$aLoaded by Collection Metadata-generated file for WR# 2104-1960
=CAT  \\$aBATCH-SS$b00$c20220616$lBLL01$h1314
=CAT  \\$aBATCH$b00$c20220616$lBLL01$h1319
=STA  \\$aSUPPRESSED$aItem missing
=LAS  \\$aBATCH$b00$c20220616$lBLL01$h1319

