=LDR  01765nam a22003853  4500
=001  020648003
=003  Uk
=005  20220616131500.0
=008  210121s1880\\\\enka\\\\\\\\\\000\0\eng\\
=FMT  \\$a  BK
=040  \\$aUk$beng$cUk
=110  2\$aRyan & Ryan (Firm)
=245  10$aRyan's illustrated catalogue of useful & domestic inventions. "Imperial" washing and wringing machine ... Ryan & Ryan, 9 & 11, Imperial Arcade, Ludgate Circus, London ...
=264  \1$a[City of London, London] :$b[publisher not identified],$c[1880]
=300  \\$a1 sheet :$bengraved illustrations ;$c23 cm
=336  \\$atext$2rdacontent
=337  \\$aunmediated$2rdamedia
=338  \\$asheet$2rdacarrier
=500  \\$aTranscription of text: Ryan's illustrated catalogue of useful & domestic inventions. "Imperial" washing and wringing machine ... Ryan & Ryan, 9 & 11, Imperial Arcade, Ludgate Circus, London ...
=610  27$aCrystal Palace (Sydenham, London, England)$2fast$0(OCoLC)fst01892208
=650  \7$aLaundry.$2fast$0(OCoLC)fst00993607
=650  \7$aMachinery.$2fast$0(OCoLC)fst01004959
=650  \7$aSoap.$2fast$0(OCoLC)fst01122068
=655  \7$aAdvertisements.$2fast$0(OCoLC)fst01986486
=655  \7$aCatalogs.$2fast$0(OCoLC)fst01423692
=690  7\$aEvanion Collection of Victorian Ephemera$2blcoll
=700  1\$aEvanion, Henry,$d1831?-1905,$eformer owner.$5Uk
=883  1\$aConverted from Evanion record 024-000004370$d20210320
=852  41$aBritish Library$bHMNTS$jEvan.7568.
=985  \\$a110 Not NACO
=985  \\$aLoaded by Collection Metadata-generated file for WR# 2104-1960
=CAT  \\$aBATCH-SS$b00$c20220616$lBLL01$h1315
=CAT  \\$aBATCH$b00$c20220616$lBLL01$h1319
=STA  \\$aSUPPRESSED$aItem missing
=LAS  \\$aBATCH$b00$c20220616$lBLL01$h1319

