=LDR  01667nam a22003613  4500
=001  020648475
=003  Uk
=005  20220616131600.0
=008  210121s1849\\\\enk||||\\\\\\\000\0\eng\\
=FMT  \\$a  BK
=040  \\$aUk$beng$cUk
=110  2\$aStrand Theatre (1832-1905)$0(isni)0000000107900325
=245  10$a[Str]and Theatre ... :$bProfessor J. H. Anderson will appear in his mystic laboratory ... during the holidays ... Jan.1st ... Royal programme of scientific wonders ...
=264  \1$a[Strand, London] :$b[publisher not identified],$c[1849]
=300  \\$a1 sheet ;$c51 x 25 cm
=336  \\$atext$2rdacontent
=337  \\$aunmediated$2rdamedia
=338  \\$asheet$2rdacarrier
=500  \\$aTranscription of text: [Str]and Theatre ... Professor J. H. Anderson will appear in his mystic laboratory ... during the holidays ... Jan.1st ... Royal programme of scientific wonders ...
=600  17$aAnderson, J. H.$q(John Henry),$d1814-1874$2fast$0(OCoLC)fst00281150
=650  \7$aDrawing.$2fast$0(OCoLC)fst00897725
=650  \7$aMagic tricks.$2fast$0(OCoLC)fst01005507
=655  \7$aSigns (Notices)$2tgm
=690  7\$aEvanion Collection of Victorian Ephemera$2blcoll
=700  1\$aEvanion, Henry,$d1831?-1905,$eformer owner.$5Uk
=883  1\$aConverted from Evanion record 024-000000433$d20210320
=852  41$aBritish Library$bHMNTS$jEvan.532.
=985  \\$aLoaded by Collection Metadata-generated file for WR# 2104-1960
=CAT  \\$aBATCH-SS$b00$c20220616$lBLL01$h1316
=CAT  \\$aBATCH$b00$c20220616$lBLL01$h1319
=CAT  \\$aBATCH-UPD$b00$c20220616$lBLL01$h1326
=STA  \\$aSUPPRESSED$aItem missing
=LAS  \\$aBATCH-UPD$b00$c20220616$lBLL01$h1326

