=LDR  01751nam a22003733  4500
=001  020648944
=003  Uk
=005  20220616131701.0
=008  210121s1884\\\\enka\\\\\\\\\\000\0\eng\\
=FMT  \\$a  BK
=040  \\$aUk$beng$cUk
=110  2\$aW. & J. Galloway & Sons.
=245  10$aGalloway's patent compound engine and boilers to be seen in operation at the London International Health Exhibition of 1884 ... W. & J. Galloway & Sons, Knolt Mill and branch ironworks, Manchester ...
=264  \1$a[Manchester] :$b[publisher not identified],$c[1884]
=300  \\$a1 sheet, folded :$bengraved illustrations ;$c28 cm
=336  \\$atext$2rdacontent
=337  \\$aunmediated$2rdamedia
=338  \\$asheet$2rdacarrier
=500  \\$aTranscription of text: Galloway's patent compound engine and boilers to be seen in operation at the London International Health Exhibition of 1884 ... W. & J. Galloway & Sons, Knolt Mill and branch ironworks, Manchester ...
=650  \7$aBoilers.$2fast$0(OCoLC)fst00835582
=650  \7$aEngines.$2fast$0(OCoLC)fst00910694
=650  \7$aTrade shows.$2fast$0(OCoLC)fst01153877
=655  \7$aAdvertisements.$2fast$0(OCoLC)fst01986486
=655  \7$aProspectuses.$2fast$0(OCoLC)fst01941033
=690  7\$aEvanion Collection of Victorian Ephemera$2blcoll
=700  1\$aEvanion, Henry,$d1831?-1905,$eformer owner.$5Uk
=883  1\$aConverted from Evanion record 024-000002980$d20210320
=852  41$aBritish Library$bHMNTS$jEvan.7575.
=985  \\$a110 Not NACO
=985  \\$aLoaded by Collection Metadata-generated file for WR# 2104-1960
=CAT  \\$aBATCH-SS$b00$c20220616$lBLL01$h1317
=CAT  \\$aBATCH$b00$c20220616$lBLL01$h1320
=STA  \\$aSUPPRESSED$aItem missing
=LAS  \\$aBATCH$b00$c20220616$lBLL01$h1320

