=LDR  01587nam a22003493  4500
=001  020648951
=003  Uk
=005  20220616131702.0
=008  210121s1882\\\\enka\\\\\\\\\\000\0\eng\\
=FMT  \\$a  BK
=040  \\$aUk$beng$cUk
=110  2\$aW.G. Clark & Sons.
=245  10$aHealth & Vigour for dogs guaranteed by the use of Clarke's buffalo meat biscuits ... 20s. per cut. Carriage paid ... Manufactory Anchor patent Biscuit Work Limehouse ...
=264  \1$a[Limehouse, London] :$b[publisher not identified],$c[1882]
=300  \\$a1 sheet, folded :$bengraved illustrations ;$c26 cm
=336  \\$atext$2rdacontent
=337  \\$aunmediated$2rdamedia
=338  \\$asheet$2rdacarrier
=500  \\$aTranscription of text: Health & Vigour for dogs guaranteed by the use of Clarke's buffalo meat biscuits ... 20s. per cut. Carriage paid ... Manufactory Anchor patent Biscuit Work Limehouse ...
=650  \7$aDogs$xFood.$2fast$0(OCoLC)fst00896304
=655  \7$aAdvertisements.$2fast$0(OCoLC)fst01986486
=655  \7$aProspectuses.$2fast$0(OCoLC)fst01941033
=690  7\$aEvanion Collection of Victorian Ephemera$2blcoll
=700  1\$aEvanion, Henry,$d1831?-1905,$eformer owner.$5Uk
=883  1\$aConverted from Evanion record 024-000002794$d20210320
=852  41$aBritish Library$bHMNTS$jEvan.7572.
=985  \\$a110 Not NACO
=985  \\$aLoaded by Collection Metadata-generated file for WR# 2104-1960
=CAT  \\$aBATCH-SS$b00$c20220616$lBLL01$h1317
=CAT  \\$aBATCH$b00$c20220616$lBLL01$h1320
=STA  \\$aSUPPRESSED$aItem missing
=LAS  \\$aBATCH$b00$c20220616$lBLL01$h1320

